<record><leader>00000cas a2200000 a 4500</leader><controlfield tag="001">122932892</controlfield><controlfield tag="006">m     o  d        </controlfield><controlfield tag="007">cr unu||||||||</controlfield><controlfield tag="008">070410d18101811njuwr neo     0    0eng c</controlfield><datafield ind1=" " ind2=" " tag="010"><subfield code="a">  2012236739</subfield></datafield><datafield ind1=" " ind2=" " tag="040"><subfield code="a">AMHNW</subfield><subfield code="b">eng</subfield><subfield code="c">AMHNW</subfield><subfield code="d">AMHNW</subfield><subfield code="d">OCLCQ</subfield><subfield code="d">MBB</subfield><subfield code="d">UMC</subfield><subfield code="d">NOC</subfield><subfield code="d">OCLCE</subfield><subfield code="d">OCLCQ</subfield><subfield code="d">OCLCF</subfield><subfield code="d">OCLCQ</subfield></datafield><datafield ind1=" " ind2=" " tag="019"><subfield code="a">319796106</subfield><subfield code="a">657731209</subfield><subfield code="a">679328790</subfield></datafield><datafield ind1=" " ind2=" " tag="042"><subfield code="a">pcc</subfield><subfield code="a">dlr</subfield></datafield><datafield ind1=" " ind2=" " tag="043"><subfield code="a">n-us-nj</subfield></datafield><datafield ind1="0" ind2="4" tag="082"><subfield code="a">051</subfield><subfield code="b">qR94v</subfield></datafield><datafield ind1="0" ind2=" " tag="130"><subfield code="a">Rural visiter (Burlington, N.J. : 1810 : Online)</subfield></datafield><datafield ind1="1" ind2="4" tag="245"><subfield code="a">The Rural visiter [sic].</subfield></datafield><datafield ind1="1" ind2="3" tag="246"><subfield code="a">Rural visitor</subfield></datafield><datafield ind1=" " ind2=" " tag="260"><subfield code="a">Burlington [N.J.] :</subfield><subfield code="b">D. Allinson,</subfield><subfield code="c">1810-1811.</subfield></datafield><datafield ind1=" " ind2=" " tag="300"><subfield code="a">1 volume</subfield></datafield><datafield ind1=" " ind2=" " tag="310"><subfield code="a">Weekly</subfield></datafield><datafield ind1=" " ind2=" " tag="336"><subfield code="a">text</subfield><subfield code="b">txt</subfield><subfield code="2">rdacontent</subfield></datafield><datafield ind1=" " ind2=" " tag="337"><subfield code="a">computer</subfield><subfield code="b">c</subfield><subfield code="2">rdamedia</subfield></datafield><datafield ind1=" " ind2=" " tag="338"><subfield code="a">online resource</subfield><subfield code="b">cr</subfield><subfield code="2">rdacarrier</subfield></datafield><datafield ind1="1" ind2=" " tag="362"><subfield code="a">Print began with vol. 1, no. 1 (July 30, 1810); ceased with v. 1, no. 52 (July 22, 1811).</subfield></datafield><datafield ind1=" " ind2=" " tag="500"><subfield code="a">Title page of bound vol. has subtitle: a literary and miscellaneous gazette.</subfield></datafield><datafield ind1=" " ind2=" " tag="506"><subfield code="3">Use copy</subfield><subfield code="f">Restrictions unspecified</subfield><subfield code="5">MiAaHDL</subfield><subfield code="2">star</subfield></datafield><datafield ind1=" " ind2=" " tag="515"><subfield code="a">Months also called first-twelfth month.</subfield></datafield><datafield ind1=" " ind2=" " tag="530"><subfield code="a">Also issued in print and microform.</subfield></datafield><datafield ind1=" " ind2=" " tag="533"><subfield code="a">Electronic reproduction.</subfield><subfield code="b">[S.l.] :</subfield><subfield code="c">HathiTrust Digital Library,</subfield><subfield code="d">2010.</subfield><subfield code="5">MiAaHDL</subfield></datafield><datafield ind1=" " ind2=" " tag="538"><subfield code="a">Master and use copy. Digital master created according to Benchmark for Faithful Digital Reproductions of Monographs and Serials, Version 1. Digital Library Federation, December 2002.</subfield><subfield code="u">http://purl.oclc.org/DLF/benchrepro0212</subfield><subfield code="5">MiAaHDL</subfield></datafield><datafield ind1="1" ind2=" " tag="583"><subfield code="a">digitized</subfield><subfield code="c">2010</subfield><subfield code="h">HathiTrust Digital Library</subfield><subfield code="l">committed to preserve</subfield><subfield code="5">MiAaHDL</subfield><subfield code="2">pda</subfield></datafield><datafield ind1=" " ind2=" " tag="588"><subfield code="a">Description based on print version record.</subfield></datafield><datafield ind1=" " ind2="0" tag="651"><subfield code="a">Burlington (N.J.)</subfield><subfield code="v">Newspapers.</subfield></datafield><datafield ind1=" " ind2="0" tag="651"><subfield code="a">Burlington County (N.J.)</subfield><subfield code="v">Newspapers.</subfield></datafield><datafield ind1=" " ind2="7" tag="651"><subfield code="a">New Jersey</subfield><subfield code="z">Burlington.</subfield><subfield code="2">fast</subfield><subfield code="0">(OCoLC)fst01237018</subfield></datafield><datafield ind1=" " ind2="7" tag="651"><subfield code="a">New Jersey</subfield><subfield code="z">Burlington County.</subfield><subfield code="2">fast</subfield><subfield code="0">(OCoLC)fst01213840</subfield></datafield><datafield ind1=" " ind2="7" tag="655"><subfield code="a">Newspapers.</subfield><subfield code="2">fast</subfield><subfield code="0">(OCoLC)fst01423814</subfield></datafield><datafield ind1="1" ind2=" " tag="700"><subfield code="a">Allinson, David,</subfield><subfield code="d">1774-1858.</subfield></datafield><datafield ind1=" " ind2=" " tag="752"><subfield code="a">United States</subfield><subfield code="b">New Jersey</subfield><subfield code="c">Burlington</subfield><subfield code="d">Burlington.</subfield></datafield><datafield ind1="0" ind2="8" tag="776"><subfield code="i">Print version:</subfield><subfield code="t">Rural visiter (Burlington, N.J. : 1810)</subfield><subfield code="w">(DLC)sn 85025044</subfield><subfield code="w">(OCoLC)1764655</subfield></datafield><datafield ind1="4" ind2="0" tag="856"><subfield code="3">Google, v.1 (July 30,1810- July 22,1811)</subfield><subfield code="u">http://books.google.com/books?id=U7wRAAAAYAAJ</subfield></datafield><datafield ind1="4" ind2="0" tag="856"><subfield code="3">HathiTrust Digital Library Full view</subfield><subfield code="u">http://catalog.hathitrust.org/api/volumes/oclc/1764655.html</subfield></datafield><datafield ind1="4" ind2="0" tag="856"><subfield code="u">http://infoweb.newsbank.com/?db=EANX&amp;s_browseRef=decades/10CBFD4EB06582D8/all.xml</subfield></datafield><datafield ind1="1" ind2=" " tag="029"><subfield code="a">AU@</subfield><subfield code="b">000044943903</subfield></datafield><datafield ind1="1" ind2=" " tag="029"><subfield code="a">AU@</subfield><subfield code="b">000045734511</subfield></datafield></record>